02RETORNO01COBRANCA       033200092592        DESENVOLVIMENTO E C S DECS    341BANCO ITAU S.A.08031601600BPI00408090316                                                                                                                                                                                                                                                                                   000001
10208586268000169033200092592                                 00000001            109000000013             I0208031670585992  00000001            10031600000000200003410125501000000000000000000000000000000000000000000000000000000000000000000000000000000000000000000000000000000390000000000000         00000000000000000000000FRANCISCO MARTINS LOENERT                                             000002
10208586268000169033200092592                                 97205205            157972052058             I06070316RETIRO.1  97205205            130316000000005800000147803  000000000039500000000000000000000000000000000000000000000000000000000000005000000000005260500000000000000000000000000   09031600000000000000000000000HAMILTON VARELA                                                     B6000003
10208586268000169033200092592                                 00002139            175000021390             I06070316          00002139            000000000000004000000143927  000000000043700000000000000000000000000000000000000000000000000000000000000000000000003956300000000000000000000000000   09031600000000000000000000000                                                                    B2000004
9201341          000000000000000000000000000000          000000000000000000000000000000                                                  000000000000000000000000000000          0000000400000000092000  09/03S004080000000300000000118000                                                                                                                                                                000005
