02RETORNO01COBRANCA       033200092592        DESENVOLVIMENTO E C S DECS    341BANCO ITAU S.A.10091501600BPI00355110915                                                                                                                                                                                                                                                                                   000001
10208586268000169033200092592                                 00000214            175000002143             I06090915          00000214            000000000000003000034170318  000000000043700000000000000000000000000000000000000000000000000000000000000000000000002956300000000000000000000000000   11091500000000000000000000000                                                                    CP000002
9201341          000000000000000000000000000000          000000000000000000000000000000                                                  000000000000000000000000000000          0000000400000000048000  11/09S003550000000100000000030000                                                                                                                                                                000003
