02RETORNO01COBRANCA       033200092592        DESENVOLVIMENTO E C S DECS    341BANCO ITAU S.A.09091501600BPI00354100915                                                                                                                                                                                                                                                                                   000001
10208586268000169033200092592                                 00001383            175000013835             I06080915          00001383            000000000000007880000178238  000000000043700000000000000000000000000000000000000000000000000000000000000000000000007836300000000000000000000000000   10091500000000000000000000000                                                                    B1000002
9201341          000000000000000000000000000000          000000000000000000000000000000                                                  000000000000000000000000000000          0000000400000000048000  10/09S003540000000100000000078800                                                                                                                                                                000003
