02RETORNO01COBRANCA       033200092592        DESENVOLVIMENTO E C S DECS    341BANCO ITAU S.A.08091501600BPI00353090915                                                                                                                                                                                                                                                                                   000001
10208586268000169033200092592                                 00000126            175000001269             I06040915          00000126            000000000000001000000148249  000000000043700000000000000000000000000000000000000000000000000000000000000000000000000956300000000000000000000000000   09091500000000000000000000000                                                                    B1000002
10208586268000169033200092592                                 00000412            175000004123             I06040915          00000412            000000000000003500000100281  000000000043700000000000000000000000000000000000000000000000000000000000000000000000003456300000000000000000000000000   09091500000000000000000000000                                                                    B3000003
9201341          000000000000000000000000000000          000000000000000000000000000000                                                  000000000000000000000000000000          0000000400000000048000  09/09S003530000000200000000045000                                                                                                                                                                000004
