02RETORNO01COBRANCA       033200092592        DESENVOLVIMENTO E C S DECS    341BANCO ITAU S.A.04091501600BPI00352080915                                                                                                                                                                                                                                                                                   000001
10208586268000169033200092592                                 00000570            175000005708             I06030915          00000570            000000000000004000023717012  000000000043700000000000000000000000000000000000000000000000000000000000000000000000003956300000000000000000000000000   08091500000000000000000000000                                                                    B3000002
9201341          000000000000000000000000000000          000000000000000000000000000000                                                  000000000000000000000000000000          0000000400000000048000  08/09S003520000000100000000040000                                                                                                                                                                000003
